<record><leader>00000cas a22000007a 4500</leader><controlfield tag="001">34901485</controlfield><controlfield tag="008">960610d1928192uvauzx ne      0    0eng d</controlfield><datafield ind1=" " ind2=" " tag="010"><subfield code="a">sn 96095030 </subfield></datafield><datafield ind1=" " ind2=" " tag="040"><subfield code="a">NVK</subfield><subfield code="b">eng</subfield><subfield code="c">NVK</subfield><subfield code="d">OCLCQ</subfield><subfield code="d">NVK</subfield><subfield code="d">OCLCQ</subfield><subfield code="d">OCLCF</subfield><subfield code="d">OCLCO</subfield></datafield><datafield ind1="1" ind2=" " tag="029"><subfield code="a">AU@</subfield><subfield code="b">000012570688</subfield></datafield><datafield ind1=" " ind2=" " tag="042"><subfield code="a">msc</subfield></datafield><datafield ind1=" " ind2=" " tag="043"><subfield code="a">n-us-va</subfield></datafield><datafield ind1="0" ind2=" " tag="130"><subfield code="a">Vagabond gazette (Wise, Va.)</subfield></datafield><datafield ind1="1" ind2="4" tag="245"><subfield code="a">The Vagabond gazette.</subfield></datafield><datafield ind1=" " ind2=" " tag="260"><subfield code="a">Wise, Va. :</subfield><subfield code="b">James Taylor Adams,</subfield><subfield code="c">1928-</subfield></datafield><datafield ind1=" " ind2=" " tag="300"><subfield code="a">v.</subfield></datafield><datafield ind1="0" ind2=" " tag="362"><subfield code="a">Vol. 1, no. 1 (Mar. 23, 1928)-</subfield></datafield><datafield ind1="1" ind2=" " tag="362"><subfield code="a">Ceased in 1929.</subfield><subfield code="z">Cf. Ayer.</subfield></datafield><datafield ind1=" " ind2=" " tag="580"><subfield code="a">J.T. Adams later published a literary journal of the same name.</subfield></datafield><datafield ind1=" " ind2="0" tag="651"><subfield code="a">Wise (Va.)</subfield><subfield code="v">Newspapers.</subfield></datafield><datafield ind1=" " ind2="7" tag="655"><subfield code="a">Newspapers.</subfield><subfield code="2">fast</subfield><subfield code="0">(OCoLC)fst01423814</subfield></datafield><datafield ind1=" " ind2="7" tag="651"><subfield code="a">Virginia</subfield><subfield code="z">Wise.</subfield><subfield code="2">fast</subfield><subfield code="0">(OCoLC)fst01211800</subfield></datafield><datafield ind1="1" ind2=" " tag="700"><subfield code="a">Adams, James Taylor,</subfield><subfield code="d">1892-</subfield></datafield><datafield ind1=" " ind2=" " tag="752"><subfield code="a">United States</subfield><subfield code="b">Virginia</subfield><subfield code="c">Wise</subfield><subfield code="d">Wise.</subfield></datafield><datafield ind1="0" ind2="0" tag="780"><subfield code="t">Wise gazette</subfield><subfield code="w">(DLC)sn 95079161</subfield></datafield><datafield ind1="0" ind2="0" tag="785"><subfield code="t">Liberal (Wise, Va.)</subfield><subfield code="w">(DLC)sn2007060592</subfield></datafield><datafield ind1="1" ind2=" " tag="787"><subfield code="t">Vagabond gazette (Big Laurel, Va.)</subfield><subfield code="w">(DLC)sn 96095026</subfield></datafield></record>